<?xml version = "1.0" encoding = "UTF-8"?><OAI-PMH xmlns="http://www.openarchives.org/OAI/2.0/" xmlns:xsi="http://www.w3.org/2001/XMLSchema-instance" xsi:schemaLocation="http://www.openarchives.org/OAI/2.0/ http://www.openarchives.org/OAI/2.0/OAI-PMH.xsd"><ListRecords><record><header><identifier>aleph-publish:006827975</identifier></header><metadata><record xmlns="http://www.ddb.de/professionell/mabxml/mabxml-1.xsd"><leader>00579vM2.01200024------h</leader><controlfield tag="LDR">00579vM2.01200024------h</controlfield><controlfield tag="FMT">MH</controlfield><datafield tag="001" ind1="-" ind2="1"><subfield code="a">HT006853428</subfield></datafield><datafield tag="002" ind1="a" ind2="1"><subfield code="a">19960125</subfield></datafield><datafield tag="003" ind1="-" ind2="1"><subfield code="a">20070209</subfield></datafield><datafield tag="025" ind1="o" ind2="1"><subfield code="a">612080473</subfield></datafield><controlfield tag="030">a|1uc||||||37</controlfield><datafield tag="037" ind1="b" ind2="1"><subfield code="a">ger</subfield></datafield><controlfield tag="050">a|||||||||||||</controlfield><controlfield tag="051">s|||||||</controlfield><datafield tag="070" ind1="-" ind2="1"><subfield code="a">292</subfield></datafield><datafield tag="070" ind1="b" ind2="1"><subfield code="a">468</subfield></datafield><datafield tag="080" ind1="-" ind2="1"><subfield code="a">60</subfield></datafield><datafield tag="100" ind1="b" ind2="1"><subfield code="p">Haile, Harry G.</subfield><subfield code="b">[Hrsg.]</subfield></datafield><datafield tag="304" ind1="a" ind2="1"><subfield code="a">Faust</subfield></datafield><datafield tag="331" ind1="-" ind2="1"><subfield code="a">&lt;&lt;Das&gt;&gt; Faustbuch nach der Wolfenbütteler Handschrift</subfield></datafield><datafield tag="359" ind1="-" ind2="1"><subfield code="a">hrsg. und neu bearb. von H. G. Haile</subfield></datafield><datafield tag="403" ind1="-" ind2="1"><subfield code="a">2., verb. Aufl.</subfield></datafield><datafield tag="410" ind1="-" ind2="1"><subfield code="a">Heidelberg</subfield></datafield><datafield tag="412" ind1="-" ind2="1"><subfield code="a">Winter</subfield></datafield><datafield tag="425" ind1="a" ind2="1"><subfield code="a">1995</subfield></datafield><datafield tag="433" ind1="-" ind2="1"><subfield code="a">XVIII, 105 S.</subfield></datafield><datafield tag="451" ind1="-" ind2="1"><subfield code="a">Beiträge zur neueren Literaturgeschichte ; Folge 3, Bd. 142</subfield></datafield><datafield tag="453" ind1="-" ind2="1"><subfield code="a">HT001244695</subfield></datafield><datafield tag="455" ind1="-" ind2="1"><subfield code="a">Folge 3, Bd. 142</subfield></datafield><datafield tag="456" ind1="-" ind2="1"><subfield code="a">3,142</subfield></datafield><datafield tag="531" ind1="-" ind2="1"><subfield code="p">Frühere Aufl. u.d.T.</subfield><subfield code="a">Das Faustbuch nach der Wolfenbüttler Handschrift</subfield></datafield><datafield tag="540" ind1="a" ind2="1"><subfield code="a">3-8253-0328-4</subfield><subfield code="b">kart. : 48.00, sfr 48.00, S 374.00</subfield></datafield><datafield tag="700" ind1="g" ind2="1"><subfield code="a">GF 6516</subfield></datafield><datafield tag="902" ind1="-" ind2="1"><subfield code="s">Faustdichtung</subfield><subfield code="9">(DE-588)4123190-9</subfield></datafield><controlfield tag="SYS">006827975</controlfield><datafield tag="LOW" ind1="-" ind2="1"><subfield code="a">B4042</subfield></datafield><datafield tag="LOW" ind1="-" ind2="1"><subfield code="a">Q0001</subfield></datafield><datafield tag="LOW" ind1="-" ind2="1"><subfield code="a">K1104</subfield></datafield><datafield tag="088" ind1=" " ind2=" "><subfield code="a">5</subfield><subfield code="b">00000010</subfield><subfield code="c">96/2571</subfield><subfield code="e">ILL Ausleihe</subfield></datafield><datafield tag="088" ind1=" " ind2=" "><subfield code="a">294/56</subfield><subfield code="b">00056000</subfield><subfield code="c">B 3 / 150</subfield><subfield code="e">keine ILL</subfield></datafield><datafield tag="088" ind1=" " ind2=" "><subfield code="a">38/405</subfield><subfield code="b">00405001</subfield><subfield code="c">405/Vo33808/80</subfield><subfield code="e">keine ILL</subfield></datafield><datafield tag="088" ind1=" " ind2=" "><subfield code="a">467</subfield><subfield code="c">11CLCF1555(2)</subfield><subfield code="e">keine Angabe</subfield></datafield><datafield tag="088" ind1=" " ind2=" "><subfield code="a">466</subfield><subfield code="c">CLCF1123(2)</subfield><subfield code="e">keine Angabe</subfield></datafield><datafield tag="088" ind1=" " ind2=" "><subfield code="a">61</subfield><subfield code="b">00</subfield><subfield code="c">ger/c4498</subfield><subfield code="e">Ausleihbestand</subfield></datafield><datafield tag="088" ind1=" " ind2=" "><subfield code="a">465</subfield><subfield code="b">D01</subfield><subfield code="c">CLCF1246(2)_d</subfield><subfield code="e">Ausleihbestand</subfield></datafield><datafield tag="088" ind1=" " ind2=" "><subfield code="a">708</subfield><subfield code="c">CLCF/FAU</subfield><subfield code="e">Keine Angabe</subfield></datafield><datafield tag="088" ind1=" " ind2=" "><subfield code="a">468</subfield><subfield code="b">11</subfield><subfield code="c">CLCH1115(2)</subfield><subfield code="e">ausleihbar</subfield></datafield><datafield tag="088" ind1=" " ind2=" "><subfield code="a">361</subfield><subfield code="b">152_M</subfield><subfield code="c">PG330 F267(2)</subfield><subfield code="e">ILL Kopie+Ausl.</subfield></datafield><datafield tag="088" ind1=" " ind2=" "><subfield code="a">6</subfield><subfield code="c">3F 15021</subfield><subfield code="e">keine Angabe</subfield></datafield></record></metadata></record></ListRecords></OAI-PMH>